@misc{Karl:mannen,
      author = "Karl mannen",
      title = "Supervisor",
      year = "2020" }
